
@misc{PLNE,
  Title = {Programmation lin{\'e}aire en nombres entiers},
  Howpublished = {\url{https://fr.wikipedia.org/wiki/Optimisation_lin%C3%A9aire_en_nombres_entiers}}
}

@misc{FI,
  Title = {Fonction caract{\'e}ristique},
  Howpublished = {\url{https://fr.wikipedia.org/wiki/Fonction_caract%C3%A9ristique_(th%C3%A9orie_des_ensembles)}}
}

@misc{SSP,
  Title = {Subset Sum Problem},
  Howpublished = {\url{https://en.wikipedia.org/wiki/Subset_sum_problem}}
}

@misc{PP,
  Title = {Partition Problem},
  Howpublished = {\url{https://en.wikipedia.org/wiki/Partition_problem}}
}

@misc{MS,
  Title = {Multiprocessor Scheduling},
  Howpublished = {\url{https://en.wikipedia.org/wiki/Multiprocessor_scheduling}}
}

@misc{KP,
  Title = {Knapsack Problem},
  Howpublished = {\url{http://en.wikipedia.org/wiki/Knapsack_problem}}
}

@misc{Mertens2003,
  Title = {The Easiest Hard Problem: Number Partitioning}, 
  Author = {Stephan Mertens},
  Year = {2003},
  Eprint = {cond-mat/0310317},
  ArchivePrefix = {arXiv},
  Url = {https://arxiv.org/abs/cond-mat/0310317}
}

@article{Korf2013,
  Title = {Optimally Scheduling Small Numbers of Identical Parallel Machines},
  Author = {Richard E. Korf and Ethan L. Schreiber},
  Journal = {Proceedings of the International Conference on Automated Planning and Scheduling},
  Year = {2013},
  Url = {https://api.semanticscholar.org/CorpusID:12458816}
}

@book{MartelloToth1990,
  Author         = {Sylvano Martello and Paolo Toth},
  Publisher      = {Wiley},
  Title          = {Knapsack Problems},
  Year           = {1990}
}